@String(CVPR12= {Proceedings of the IEEE conference on Computer Vision and Pattern Recognition (CVPR '12)})
@String(CVPR23= {Proceedings of the IEEE/CVF conference on Computer Vision and Pattern Recognition (CVPR '23)})

@String(OSDI16= {Proceedings of the USENIX conference on Operating Systems Design and Implementation (OSDI '16)})

@String(CCS15= {Proceedings of the ACM SIGSAC conference on Computer and Communications Security (CCS '15)})


@inproceedings{geiger2012we,
  title={Are we Ready for Autonomous Driving? the KITTI Vision Benchmark Suite},
  author={Geiger, Andreas and Lenz, Philip and Urtasun, Raquel},
  booktitle=CVPR12,
  pages={3354--3361},
  year={2012},
}


@inproceedings{fang2023eva,
  title={Eva: Exploring the Limits of Masked Visual Representation Learning at Scale},
  author={Fang, Yuxin and Wang, Wen and Xie, Binhui and Sun, Quan and Wu, Ledell and Wang, Xinggang and Huang, Tiejun and Wang, Xinlong and Cao, Yue},
  booktitle=CVPR23,
  pages={19358--19369},
  year={2023}
}

@inproceedings{abadi2016tensorflow,
  title={Tensorflow: A System for Large-scale Machine Learning.},
  author={Abadi, Mart{\'\i}n and Barham, Paul and Chen, Jianmin and Chen, Zhifeng and Davis, Andy and Dean, Jeffrey and Devin, Matthieu and Ghemawat, Sanjay and Irving, Geoffrey and Isard, Michael and others},
  booktitle=OSDI16,
  pages={265--283},
  year={2016}
}

@inproceedings{shokri2015privacy,
  title={Privacy-preserving Deep Learning},
  author={Shokri, Reza and Shmatikov, Vitaly},
  booktitle=CCS15,
  pages={1310--1321},
  year={2015}
}
